<record><leader>00000cas a22000007a 4500</leader><controlfield tag="001">11046676</controlfield><controlfield tag="008">840813d18621899inuwr ne      0    0eng d</controlfield><datafield ind1=" " ind2=" " tag="010"><subfield code="a">sn 84027348 </subfield></datafield><datafield ind1=" " ind2=" " tag="040"><subfield code="a">NPU</subfield><subfield code="b">eng</subfield><subfield code="c">NPU</subfield><subfield code="d">NPX</subfield><subfield code="d">NPY</subfield><subfield code="d">NPI</subfield><subfield code="d">OCLCQ</subfield></datafield><datafield ind1=" " ind2=" " tag="042"><subfield code="a">msc</subfield></datafield><datafield ind1="0" ind2="0" tag="245"><subfield code="a">Fort Wayne weekly gazette.</subfield></datafield><datafield ind1="3" ind2="0" tag="246"><subfield code="a">Weekly gazette</subfield></datafield><datafield ind1="1" ind2="3" tag="246"><subfield code="a">Ft. Wayne weekly gazette</subfield></datafield><datafield ind1="3" ind2="0" tag="246"><subfield code="a">Fort Wayne gazette</subfield></datafield><datafield ind1="3" ind2="0" tag="246"><subfield code="a">Ft. Wayne gazette</subfield></datafield><datafield ind1=" " ind2=" " tag="260"><subfield code="a">Fort Wayne, Ind. :</subfield><subfield code="b">Isaac Jenkinson, Homer C. Hartman</subfield></datafield><datafield ind1=" " ind2=" " tag="300"><subfield code="a">v.</subfield></datafield><datafield ind1=" " ind2=" " tag="310"><subfield code="a">Weekly</subfield></datafield><datafield ind1="1" ind2=" " tag="362"><subfield code="a">Began in 1862; ceased in June 1899.</subfield><subfield code="z">Cf. Gregory, W. Amer. newspapers.</subfield></datafield><datafield ind1=" " ind2=" " tag="500"><subfield code="a">Published as: Ft. Wayne weekly gazette, &lt;Aug. 1, 1872&gt;.</subfield></datafield><datafield ind1=" " ind2=" " tag="500"><subfield code="a">"Weekly" appears above title ornament, &lt;Aug. 1, 1872-Nov. 6, 1873&gt;.</subfield></datafield><datafield ind1=" " ind2=" " tag="500"><subfield code="a">"Fort Wayne" appears in title ornament, &lt;1876-1879&gt;.</subfield></datafield><datafield ind1=" " ind2=" " tag="580"><subfield code="a">Daily eds.: Fort Wayne daily gazette; Daily gazette; Fort Wayne gazette; Fort Wayne morning gazette; Fort Wayne daily gazette; Fort Wayne gazette.</subfield></datafield><datafield ind1=" " ind2=" " tag="588"><subfield code="a">Description based on: Vol. 2, no. 78 (Oct. 27, 1864).</subfield></datafield><datafield ind1=" " ind2=" " tag="752"><subfield code="a">United States</subfield><subfield code="b">Indiana</subfield><subfield code="c">Allen</subfield><subfield code="d">Fort Wayne.</subfield></datafield><datafield ind1="1" ind2=" " tag="775"><subfield code="t">Fort Wayne daily gazette (Fort Wayne, Ind. : 1863)</subfield><subfield code="w">(DLC)sn 85038026</subfield></datafield><datafield ind1="1" ind2=" " tag="775"><subfield code="t">Daily gazette (Fort Wayne, Ind.)</subfield><subfield code="w">(DLC)sn 87055936</subfield></datafield><datafield ind1="1" ind2=" " tag="775"><subfield code="t">Fort Wayne gazette (Fort Wayne, Ind. : Daily : 1872)</subfield><subfield code="w">(DLC)sn 84027347</subfield></datafield><datafield ind1="1" ind2=" " tag="775"><subfield code="t">Fort Wayne morning gazette</subfield><subfield code="w">(DLC)sn 84023922</subfield></datafield><datafield ind1="1" ind2=" " tag="775"><subfield code="t">Fort Wayne daily gazette (Fort Wayne, Ind. : 1879)</subfield><subfield code="w">(DLC)sn 87055995</subfield></datafield><datafield ind1="1" ind2=" " tag="775"><subfield code="t">Fort Wayne gazette (Fort Wayne, Ind. : Daily : 1888)</subfield><subfield code="w">(DLC)sn 87056023</subfield></datafield><datafield ind1="0" ind2="7" tag="785"><subfield code="t">Fort Wayne journal (Fort Wayne, Ind. : Weekly)</subfield><subfield code="w">(DLC)sn 84027371</subfield></datafield><datafield ind1="0" ind2="7" tag="785"><subfield code="t">Fort Wayne weekly journal-gazette</subfield></datafield></record>